%YAML 1.1
%TAG !u! tag:unity3d.com,2011:
--- !u!29 &1
OcclusionCullingSettings:
  m_ObjectHideFlags: 0
  serializedVersion: 2
  m_OcclusionBakeSettings:
    smallestOccluder: 5
    smallestHole: 0.25
    backfaceThreshold: 100
  m_SceneGUID: 00000000000000000000000000000000
  m_OcclusionCullingData: {fileID: 0}
--- !u!104 &2
RenderSettings:
  m_ObjectHideFlags: 0
  serializedVersion: 9
  m_Fog: 0
  m_FogColor: {r: 0.5, g: 0.5, b: 0.5, a: 1}
  m_FogMode: 3
  m_FogDensity: 0.01
  m_LinearFogStart: 0
  m_LinearFogEnd: 300
  m_AmbientSkyColor: {r: 0.212, g: 0.227, b: 0.259, a: 1}
  m_AmbientEquatorColor: {r: 0.114, g: 0.125, b: 0.133, a: 1}
  m_AmbientGroundColor: {r: 0.047, g: 0.043, b: 0.035, a: 1}
  m_AmbientIntensity: 1
  m_AmbientMode: 3
  m_SubtractiveShadowColor: {r: 0.42, g: 0.478, b: 0.627, a: 1}
  m_SkyboxMaterial: {fileID: 0}
  m_HaloStrength: 0.5
  m_FlareStrength: 1
  m_FlareFadeSpeed: 3
  m_HaloTexture: {fileID: 0}
  m_SpotCookie: {fileID: 10001, guid: 0000000000000000e000000000000000, type: 0}
  m_DefaultReflectionMode: 0
  m_DefaultReflectionResolution: 128
  m_ReflectionBounces: 1
  m_ReflectionIntensity: 1
  m_CustomReflection: {fileID: 0}
  m_Sun: {fileID: 0}
  m_IndirectSpecularColor: {r: 0, g: 0, b: 0, a: 1}
  m_UseRadianceAmbientProbe: 0
--- !u!157 &3
LightmapSettings:
  m_ObjectHideFlags: 0
  serializedVersion: 11
  m_GIWorkflowMode: 1
  m_GISettings:
    serializedVersion: 2
    m_BounceScale: 1
    m_IndirectOutputScale: 1
    m_AlbedoBoost: 1
    m_EnvironmentLightingMode: 0
    m_EnableBakedLightmaps: 0
    m_EnableRealtimeLightmaps: 0
  m_LightmapEditorSettings:
    serializedVersion: 12
    m_Resolution: 2
    m_BakeResolution: 40
    m_AtlasSize: 1024
    m_AO: 0
    m_AOMaxDistance: 1
    m_CompAOExponent: 1
    m_CompAOExponentDirect: 0
    m_ExtractAmbientOcclusion: 0
    m_Padding: 2
    m_LightmapParameters: {fileID: 0}
    m_LightmapsBakeMode: 1
    m_TextureCompression: 1
    m_FinalGather: 0
    m_FinalGatherFiltering: 1
    m_FinalGatherRayCount: 256
    m_ReflectionCompression: 2
    m_MixedBakeMode: 2
    m_BakeBackend: 0
    m_PVRSampling: 1
    m_PVRDirectSampleCount: 32
    m_PVRSampleCount: 500
    m_PVRBounces: 2
    m_PVREnvironmentSampleCount: 500
    m_PVREnvironmentReferencePointCount: 2048
    m_PVRFilteringMode: 2
    m_PVRDenoiserTypeDirect: 0
    m_PVRDenoiserTypeIndirect: 0
    m_PVRDenoiserTypeAO: 0
    m_PVRFilterTypeDirect: 0
    m_PVRFilterTypeIndirect: 0
    m_PVRFilterTypeAO: 0
    m_PVREnvironmentMIS: 0
    m_PVRCulling: 1
    m_PVRFilteringGaussRadiusDirect: 1
    m_PVRFilteringGaussRadiusIndirect: 5
    m_PVRFilteringGaussRadiusAO: 2
    m_PVRFilteringAtrousPositionSigmaDirect: 0.5
    m_PVRFilteringAtrousPositionSigmaIndirect: 2
    m_PVRFilteringAtrousPositionSigmaAO: 1
    m_ShowResolutionOverlay: 1
    m_ExportTrainingData: 0
  m_LightingDataAsset: {fileID: 0}
  m_UseShadowmask: 1
--- !u!196 &4
NavMeshSettings:
  serializedVersion: 2
  m_ObjectHideFlags: 0
  m_BuildSettings:
    serializedVersion: 2
    agentTypeID: 0
    agentRadius: 0.5
    agentHeight: 2
    agentSlope: 45
    agentClimb: 0.4
    ledgeDropHeight: 0
    maxJumpAcrossDistance: 0
    minRegionArea: 2
    manualCellSize: 0
    cellSize: 0.16666667
    manualTileSize: 0
    tileSize: 256
    accuratePlacement: 0
    debug:
      m_Flags: 0
  m_NavMeshData: {fileID: 0}
--- !u!4 &21562556 stripped
Transform:
  m_CorrespondingSourceObject: {fileID: 5986022003964674582, guid: ba24852f29064b148a087bcc059410b7,
    type: 3}
  m_PrefabInstance: {fileID: 754254945}
  m_PrefabAsset: {fileID: 0}
--- !u!1 &355998492
GameObject:
  m_ObjectHideFlags: 0
  m_CorrespondingSourceObject: {fileID: 0}
  m_PrefabInstance: {fileID: 0}
  m_PrefabAsset: {fileID: 0}
  serializedVersion: 6
  m_Component:
  - component: {fileID: 355998493}
  - component: {fileID: 355998494}
  m_Layer: 0
  m_Name: SpawnLocation (1)
  m_TagString: Untagged
  m_Icon: {fileID: 0}
  m_NavMeshLayer: 0
  m_StaticEditorFlags: 0
  m_IsActive: 1
--- !u!4 &355998493
Transform:
  m_ObjectHideFlags: 0
  m_CorrespondingSourceObject: {fileID: 0}
  m_PrefabInstance: {fileID: 0}
  m_PrefabAsset: {fileID: 0}
  m_GameObject: {fileID: 355998492}
  m_LocalRotation: {x: -0, y: -0, z: -0, w: 1}
  m_LocalPosition: {x: -4.94, y: 4.78, z: -10}
  m_LocalScale: {x: 1, y: 1, z: 1}
  m_Children: []
  m_Father: {fileID: 0}
  m_RootOrder: 0
  m_LocalEulerAnglesHint: {x: 0, y: 0, z: 0}
--- !u!114 &355998494
MonoBehaviour:
  m_ObjectHideFlags: 0
  m_CorrespondingSourceObject: {fileID: 0}
  m_PrefabInstance: {fileID: 0}
  m_PrefabAsset: {fileID: 0}
  m_GameObject: {fileID: 355998492}
  m_Enabled: 1
  m_EditorHideFlags: 0
  m_Script: {fileID: 11500000, guid: a2864b5edf6335e49a2582e2d01eb50a, type: 3}
  m_Name: 
  m_EditorClassIdentifier: 
  Temp: {fileID: 2178618028414250442, guid: 5e4986d3cb712fb4783ff452337225ca, type: 3}
  Cam: {fileID: 519420031}
--- !u!1001 &427812011
PrefabInstance:
  m_ObjectHideFlags: 0
  serializedVersion: 2
  m_Modification:
    m_TransformParent: {fileID: 0}
    m_Modifications:
    - target: {fileID: 2178618028414250442, guid: 5e4986d3cb712fb4783ff452337225ca,
        type: 3}
      propertyPath: m_Name
      value: Player
      objectReference: {fileID: 0}
    - target: {fileID: 2178618028414250440, guid: 5e4986d3cb712fb4783ff452337225ca,
        type: 3}
      propertyPath: m_LocalPosition.x
      value: 0.12141061
      objectReference: {fileID: 0}
    - target: {fileID: 2178618028414250440, guid: 5e4986d3cb712fb4783ff452337225ca,
        type: 3}
      propertyPath: m_LocalPosition.y
      value: -3.9960725
      objectReference: {fileID: 0}
    - target: {fileID: 2178618028414250440, guid: 5e4986d3cb712fb4783ff452337225ca,
        type: 3}
      propertyPath: m_LocalPosition.z
      value: 0
      objectReference: {fileID: 0}
    - target: {fileID: 2178618028414250440, guid: 5e4986d3cb712fb4783ff452337225ca,
        type: 3}
      propertyPath: m_LocalRotation.x
      value: 0
      objectReference: {fileID: 0}
    - target: {fileID: 2178618028414250440, guid: 5e4986d3cb712fb4783ff452337225ca,
        type: 3}
      propertyPath: m_LocalRotation.y
      value: 0
      objectReference: {fileID: 0}
    - target: {fileID: 2178618028414250440, guid: 5e4986d3cb712fb4783ff452337225ca,
        type: 3}
      propertyPath: m_LocalRotation.z
      value: 0
      objectReference: {fileID: 0}
    - target: {fileID: 2178618028414250440, guid: 5e4986d3cb712fb4783ff452337225ca,
        type: 3}
      propertyPath: m_LocalRotation.w
      value: 1
      objectReference: {fileID: 0}
    - target: {fileID: 2178618028414250440, guid: 5e4986d3cb712fb4783ff452337225ca,
        type: 3}
      propertyPath: m_RootOrder
      value: 1
      objectReference: {fileID: 0}
    - target: {fileID: 2178618028414250440, guid: 5e4986d3cb712fb4783ff452337225ca,
        type: 3}
      propertyPath: m_LocalEulerAnglesHint.x
      value: 0
      objectReference: {fileID: 0}
    - target: {fileID: 2178618028414250440, guid: 5e4986d3cb712fb4783ff452337225ca,
        type: 3}
      propertyPath: m_LocalEulerAnglesHint.y
      value: 0
      objectReference: {fileID: 0}
    - target: {fileID: 2178618028414250440, guid: 5e4986d3cb712fb4783ff452337225ca,
        type: 3}
      propertyPath: m_LocalEulerAnglesHint.z
      value: 0
      objectReference: {fileID: 0}
    m_RemovedComponents: []
  m_SourcePrefab: {fileID: 100100000, guid: 5e4986d3cb712fb4783ff452337225ca, type: 3}
--- !u!1 &470720581
GameObject:
  m_ObjectHideFlags: 0
  m_CorrespondingSourceObject: {fileID: 0}
  m_PrefabInstance: {fileID: 0}
  m_PrefabAsset: {fileID: 0}
  serializedVersion: 6
  m_Component:
  - component: {fileID: 470720582}
  m_Layer: 0
  m_Name: ContorolPoint 4
  m_TagString: Untagged
  m_Icon: {fileID: 2800000, guid: fef35d2ba6a4f9441807a19a852a8f93, type: 3}
  m_NavMeshLayer: 0
  m_StaticEditorFlags: 0
  m_IsActive: 1
--- !u!4 &470720582
Transform:
  m_ObjectHideFlags: 0
  m_CorrespondingSourceObject: {fileID: 0}
  m_PrefabInstance: {fileID: 0}
  m_PrefabAsset: {fileID: 0}
  m_GameObject: {fileID: 470720581}
  m_LocalRotation: {x: 0, y: 0, z: 0, w: 1}
  m_LocalPosition: {x: -3.384, y: -1.881, z: 0}
  m_LocalScale: {x: 1, y: 1, z: 1}
  m_Children: []
  m_Father: {fileID: 1600432242}
  m_RootOrder: 3
  m_LocalEulerAnglesHint: {x: 0, y: 0, z: 0}
--- !u!1001 &494900798
PrefabInstance:
  m_ObjectHideFlags: 0
  serializedVersion: 2
  m_Modification:
    m_TransformParent: {fileID: 0}
    m_Modifications:
    - target: {fileID: 6234287681371677518, guid: fab51fdb4fda6b84e82e745b86967ad3,
        type: 3}
      propertyPath: m_Name
      value: Group_02
      objectReference: {fileID: 0}
    - target: {fileID: 6234287681371677518, guid: fab51fdb4fda6b84e82e745b86967ad3,
        type: 3}
      propertyPath: m_IsActive
      value: 1
      objectReference: {fileID: 0}
    - target: {fileID: 6234287681371677512, guid: fab51fdb4fda6b84e82e745b86967ad3,
        type: 3}
      propertyPath: m_LocalPosition.x
      value: 3.71
      objectReference: {fileID: 0}
    - target: {fileID: 6234287681371677512, guid: fab51fdb4fda6b84e82e745b86967ad3,
        type: 3}
      propertyPath: m_LocalPosition.y
      value: -0.77
      objectReference: {fileID: 0}
    - target: {fileID: 6234287681371677512, guid: fab51fdb4fda6b84e82e745b86967ad3,
        type: 3}
      propertyPath: m_LocalPosition.z
      value: 0
      objectReference: {fileID: 0}
    - target: {fileID: 6234287681371677512, guid: fab51fdb4fda6b84e82e745b86967ad3,
        type: 3}
      propertyPath: m_LocalRotation.x
      value: 0
      objectReference: {fileID: 0}
    - target: {fileID: 6234287681371677512, guid: fab51fdb4fda6b84e82e745b86967ad3,
        type: 3}
      propertyPath: m_LocalRotation.y
      value: 0
      objectReference: {fileID: 0}
    - target: {fileID: 6234287681371677512, guid: fab51fdb4fda6b84e82e745b86967ad3,
        type: 3}
      propertyPath: m_LocalRotation.z
      value: 0
      objectReference: {fileID: 0}
    - target: {fileID: 6234287681371677512, guid: fab51fdb4fda6b84e82e745b86967ad3,
        type: 3}
      propertyPath: m_LocalRotation.w
      value: 1
      objectReference: {fileID: 0}
    - target: {fileID: 6234287681371677512, guid: fab51fdb4fda6b84e82e745b86967ad3,
        type: 3}
      propertyPath: m_RootOrder
      value: 6
      objectReference: {fileID: 0}
    - target: {fileID: 6234287681371677512, guid: fab51fdb4fda6b84e82e745b86967ad3,
        type: 3}
      propertyPath: m_LocalEulerAnglesHint.x
      value: 0
      objectReference: {fileID: 0}
    - target: {fileID: 6234287681371677512, guid: fab51fdb4fda6b84e82e745b86967ad3,
        type: 3}
      propertyPath: m_LocalEulerAnglesHint.y
      value: 0
      objectReference: {fileID: 0}
    - target: {fileID: 6234287681371677512, guid: fab51fdb4fda6b84e82e745b86967ad3,
        type: 3}
      propertyPath: m_LocalEulerAnglesHint.z
      value: 0
      objectReference: {fileID: 0}
    - target: {fileID: 4048433336335489091, guid: fab51fdb4fda6b84e82e745b86967ad3,
        type: 3}
      propertyPath: m_LocalRotation.x
      value: -0
      objectReference: {fileID: 0}
    - target: {fileID: 4048433336335489091, guid: fab51fdb4fda6b84e82e745b86967ad3,
        type: 3}
      propertyPath: m_LocalRotation.y
      value: -0
      objectReference: {fileID: 0}
    - target: {fileID: 4048433336335489091, guid: fab51fdb4fda6b84e82e745b86967ad3,
        type: 3}
      propertyPath: m_LocalRotation.z
      value: -0.32596147
      objectReference: {fileID: 0}
    - target: {fileID: 4048433336335489091, guid: fab51fdb4fda6b84e82e745b86967ad3,
        type: 3}
      propertyPath: m_LocalRotation.w
      value: 0.9453831
      objectReference: {fileID: 0}
    - target: {fileID: 4048433336335489091, guid: fab51fdb4fda6b84e82e745b86967ad3,
        type: 3}
      propertyPath: m_LocalPosition.x
      value: 0.7082658
      objectReference: {fileID: 0}
    - target: {fileID: 4048433336335489091, guid: fab51fdb4fda6b84e82e745b86967ad3,
        type: 3}
      propertyPath: m_LocalPosition.y
      value: 5.138496
      objectReference: {fileID: 0}
    - target: {fileID: 4463770368524765651, guid: fab51fdb4fda6b84e82e745b86967ad3,
        type: 3}
      propertyPath: m_LocalRotation.x
      value: -0
      objectReference: {fileID: 0}
    - target: {fileID: 4463770368524765651, guid: fab51fdb4fda6b84e82e745b86967ad3,
        type: 3}
      propertyPath: m_LocalRotation.y
      value: -0
      objectReference: {fileID: 0}
    - target: {fileID: 4463770368524765651, guid: fab51fdb4fda6b84e82e745b86967ad3,
        type: 3}
      propertyPath: m_LocalRotation.z
      value: -0.30537674
      objectReference: {fileID: 0}
    - target: {fileID: 4463770368524765651, guid: fab51fdb4fda6b84e82e745b86967ad3,
        type: 3}
      propertyPath: m_LocalRotation.w
      value: 0.95223165
      objectReference: {fileID: 0}
    - target: {fileID: 4463770368524765651, guid: fab51fdb4fda6b84e82e745b86967ad3,
        type: 3}
      propertyPath: m_LocalPosition.x
      value: 2.2801828
      objectReference: {fileID: 0}
    - target: {fileID: 4463770368524765651, guid: fab51fdb4fda6b84e82e745b86967ad3,
        type: 3}
      propertyPath: m_LocalPosition.y
      value: 7.304086
      objectReference: {fileID: 0}
    - target: {fileID: 5362989317000789900, guid: fab51fdb4fda6b84e82e745b86967ad3,
        type: 3}
      propertyPath: m_LocalRotation.x
      value: -0
      objectReference: {fileID: 0}
    - target: {fileID: 5362989317000789900, guid: fab51fdb4fda6b84e82e745b86967ad3,
        type: 3}
      propertyPath: m_LocalRotation.y
      value: -0
      objectReference: {fileID: 0}
    - target: {fileID: 5362989317000789900, guid: fab51fdb4fda6b84e82e745b86967ad3,
        type: 3}
      propertyPath: m_LocalRotation.z
      value: 0.7071068
      objectReference: {fileID: 0}
    - target: {fileID: 5362989317000789900, guid: fab51fdb4fda6b84e82e745b86967ad3,
        type: 3}
      propertyPath: m_LocalRotation.w
      value: 0.7071068
      objectReference: {fileID: 0}
    - target: {fileID: 5362989317000789900, guid: fab51fdb4fda6b84e82e745b86967ad3,
        type: 3}
      propertyPath: m_LocalPosition.x
      value: -0.72
      objectReference: {fileID: 0}
    - target: {fileID: 5362989317000789900, guid: fab51fdb4fda6b84e82e745b86967ad3,
        type: 3}
      propertyPath: m_LocalPosition.y
      value: 3.59
      objectReference: {fileID: 0}
    - target: {fileID: 1106451877467841170, guid: fab51fdb4fda6b84e82e745b86967ad3,
        type: 3}
      propertyPath: m_LocalRotation.x
      value: -0
      objectReference: {fileID: 0}
    - target: {fileID: 1106451877467841170, guid: fab51fdb4fda6b84e82e745b86967ad3,
        type: 3}
      propertyPath: m_LocalRotation.y
      value: -0
      objectReference: {fileID: 0}
    - target: {fileID: 1106451877467841170, guid: fab51fdb4fda6b84e82e745b86967ad3,
        type: 3}
      propertyPath: m_LocalRotation.z
      value: -0.24960431
      objectReference: {fileID: 0}
    - target: {fileID: 1106451877467841170, guid: fab51fdb4fda6b84e82e745b86967ad3,
        type: 3}
      propertyPath: m_LocalRotation.w
      value: 0.96834797
      objectReference: {fileID: 0}
    - target: {fileID: 1106451877467841170, guid: fab51fdb4fda6b84e82e745b86967ad3,
        type: 3}
      propertyPath: m_LocalPosition.x
      value: 3.5609803
      objectReference: {fileID: 0}
    - target: {fileID: 1106451877467841170, guid: fab51fdb4fda6b84e82e745b86967ad3,
        type: 3}
      propertyPath: m_LocalPosition.y
      value: 9.516937
      objectReference: {fileID: 0}
    - target: {fileID: 2086090908554036857, guid: fab51fdb4fda6b84e82e745b86967ad3,
        type: 3}
      propertyPath: m_IsActive
      value: 1
      objectReference: {fileID: 0}
    - target: {fileID: 8802138083184964527, guid: fab51fdb4fda6b84e82e745b86967ad3,
        type: 3}
      propertyPath: m_IsActive
      value: 1
      objectReference: {fileID: 0}
    - target: {fileID: 7377484000042648621, guid: fab51fdb4fda6b84e82e745b86967ad3,
        type: 3}
      propertyPath: m_IsActive
      value: 1
      objectReference: {fileID: 0}
    - target: {fileID: 3456179487392406203, guid: fab51fdb4fda6b84e82e745b86967ad3,
        type: 3}
      propertyPath: m_IsTrigger
      value: 1
      objectReference: {fileID: 0}
    - target: {fileID: 7465386627581795892, guid: fab51fdb4fda6b84e82e745b86967ad3,
        type: 3}
      propertyPath: LeaderVector2.Array.size
      value: 0
      objectReference: {fileID: 0}
    - target: {fileID: 7465386627581795892, guid: fab51fdb4fda6b84e82e745b86967ad3,
        type: 3}
      propertyPath: Leader
      value: 0
      objectReference: {fileID: 0}
    - target: {fileID: 7465386627581795892, guid: fab51fdb4fda6b84e82e745b86967ad3,
        type: 3}
      propertyPath: LeaderVector2.Array.data[0].x
      value: 4
      objectReference: {fileID: 0}
    - target: {fileID: 7465386627581795892, guid: fab51fdb4fda6b84e82e745b86967ad3,
        type: 3}
      propertyPath: LeaderVector2.Array.data[0].y
      value: 3
      objectReference: {fileID: 0}
    - target: {fileID: 7465386627581795892, guid: fab51fdb4fda6b84e82e745b86967ad3,
        type: 3}
      propertyPath: LeaderVector2.Array.data[1].x
      value: 8
      objectReference: {fileID: 0}
    - target: {fileID: 7465386627581795892, guid: fab51fdb4fda6b84e82e745b86967ad3,
        type: 3}
      propertyPath: LeaderVector2.Array.data[1].y
      value: 2
      objectReference: {fileID: 0}
    - target: {fileID: 7465386627581795892, guid: fab51fdb4fda6b84e82e745b86967ad3,
        type: 3}
      propertyPath: LeaderVector2.Array.data[2].x
      value: 5
      objectReference: {fileID: 0}
    - target: {fileID: 7465386627581795892, guid: fab51fdb4fda6b84e82e745b86967ad3,
        type: 3}
      propertyPath: Speed
      value: 3
      objectReference: {fileID: 0}
    - target: {fileID: 4734964282554099107, guid: fab51fdb4fda6b84e82e745b86967ad3,
        type: 3}
      propertyPath: m_IsTrigger
      value: 1
      objectReference: {fileID: 0}
    - target: {fileID: 394719321492836907, guid: fab51fdb4fda6b84e82e745b86967ad3,
        type: 3}
      propertyPath: LeaderVector2.Array.size
      value: 2
      objectReference: {fileID: 0}
    - target: {fileID: 394719321492836907, guid: fab51fdb4fda6b84e82e745b86967ad3,
        type: 3}
      propertyPath: routes.Array.size
      value: 1
      objectReference: {fileID: 0}
    - target: {fileID: 394719321492836907, guid: fab51fdb4fda6b84e82e745b86967ad3,
        type: 3}
      propertyPath: Speed
      value: 2
      objectReference: {fileID: 0}
    - target: {fileID: 394719321492836907, guid: fab51fdb4fda6b84e82e745b86967ad3,
        type: 3}
      propertyPath: smoothTimeX
      value: 0.5
      objectReference: {fileID: 0}
    - target: {fileID: 394719321492836907, guid: fab51fdb4fda6b84e82e745b86967ad3,
        type: 3}
      propertyPath: smoothTimeY
      value: 0.5
      objectReference: {fileID: 0}
    - target: {fileID: 394719321492836907, guid: fab51fdb4fda6b84e82e745b86967ad3,
        type: 3}
      propertyPath: LeaderVector2.Array.data[0].x
      value: 0
      objectReference: {fileID: 0}
    - target: {fileID: 394719321492836907, guid: fab51fdb4fda6b84e82e745b86967ad3,
        type: 3}
      propertyPath: LeaderVector2.Array.data[1].x
      value: 5
      objectReference: {fileID: 0}
    - target: {fileID: 394719321492836907, guid: fab51fdb4fda6b84e82e745b86967ad3,
        type: 3}
      propertyPath: LeaderVector2.Array.data[1].y
      value: 2
      objectReference: {fileID: 0}
    - target: {fileID: 394719321492836907, guid: fab51fdb4fda6b84e82e745b86967ad3,
        type: 3}
      propertyPath: LeaderVector2.Array.data[2].x
      value: 8
      objectReference: {fileID: 0}
    - target: {fileID: 394719321492836907, guid: fab51fdb4fda6b84e82e745b86967ad3,
        type: 3}
      propertyPath: LeaderVector2.Array.data[2].y
      value: 9
      objectReference: {fileID: 0}
    - target: {fileID: 394719321492836907, guid: fab51fdb4fda6b84e82e745b86967ad3,
        type: 3}
      propertyPath: Distance
      value: 1
      objectReference: {fileID: 0}
    - target: {fileID: 394719321492836907, guid: fab51fdb4fda6b84e82e745b86967ad3,
        type: 3}
      propertyPath: LeaderVector2.Array.data[0].y
      value: 0
      objectReference: {fileID: 0}
    - target: {fileID: 394719321492836907, guid: fab51fdb4fda6b84e82e745b86967ad3,
        type: 3}
      propertyPath: Leader
      value: 1
      objectReference: {fileID: 0}
    - target: {fileID: 394719321492836907, guid: fab51fdb4fda6b84e82e745b86967ad3,
        type: 3}
      propertyPath: enemy
      value: 
      objectReference: {fileID: 655570826}
    - target: {fileID: 394719321492836907, guid: fab51fdb4fda6b84e82e745b86967ad3,
        type: 3}
      propertyPath: routes.Array.data[0]
      value: 
      objectReference: {fileID: 21562556}
    - target: {fileID: 394719321492836907, guid: fab51fdb4fda6b84e82e745b86967ad3,
        type: 3}
      propertyPath: routes.Array.data[1]
      value: 
      objectReference: {fileID: 0}
    - target: {fileID: 3717701262859170470, guid: fab51fdb4fda6b84e82e745b86967ad3,
        type: 3}
      propertyPath: m_IsTrigger
      value: 1
      objectReference: {fileID: 0}
    - target: {fileID: 7040037473572349660, guid: fab51fdb4fda6b84e82e745b86967ad3,
        type: 3}
      propertyPath: m_IsTrigger
      value: 1
      objectReference: {fileID: 0}
    - target: {fileID: 2233579376585756358, guid: fab51fdb4fda6b84e82e745b86967ad3,
        type: 3}
      propertyPath: Speed
      value: 3
      objectReference: {fileID: 0}
    - target: {fileID: 648731723600797530, guid: fab51fdb4fda6b84e82e745b86967ad3,
        type: 3}
      propertyPath: Speed
      value: 3
      objectReference: {fileID: 0}
    m_RemovedComponents: []
  m_SourcePrefab: {fileID: 100100000, guid: fab51fdb4fda6b84e82e745b86967ad3, type: 3}
--- !u!1 &519420028
GameObject:
  m_ObjectHideFlags: 0
  m_CorrespondingSourceObject: {fileID: 0}
  m_PrefabInstance: {fileID: 0}
  m_PrefabAsset: {fileID: 0}
  serializedVersion: 6
  m_Component:
  - component: {fileID: 519420032}
  - component: {fileID: 519420031}
  - component: {fileID: 519420029}
  - component: {fileID: 519420030}
  m_Layer: 0
  m_Name: Main Camera
  m_TagString: MainCamera
  m_Icon: {fileID: 0}
  m_NavMeshLayer: 0
  m_StaticEditorFlags: 0
  m_IsActive: 1
--- !u!81 &519420029
AudioListener:
  m_ObjectHideFlags: 0
  m_CorrespondingSourceObject: {fileID: 0}
  m_PrefabInstance: {fileID: 0}
  m_PrefabAsset: {fileID: 0}
  m_GameObject: {fileID: 519420028}
  m_Enabled: 1
--- !u!114 &519420030
MonoBehaviour:
  m_ObjectHideFlags: 0
  m_CorrespondingSourceObject: {fileID: 0}
  m_PrefabInstance: {fileID: 0}
  m_PrefabAsset: {fileID: 0}
  m_GameObject: {fileID: 519420028}
  m_Enabled: 0
  m_EditorHideFlags: 0
  m_Script: {fileID: 11500000, guid: c806dc545d4db7949baf1871e1129460, type: 3}
  m_Name: 
  m_EditorClassIdentifier: 
--- !u!20 &519420031
Camera:
  m_ObjectHideFlags: 0
  m_CorrespondingSourceObject: {fileID: 0}
  m_PrefabInstance: {fileID: 0}
  m_PrefabAsset: {fileID: 0}
  m_GameObject: {fileID: 519420028}
  m_Enabled: 1
  serializedVersion: 2
  m_ClearFlags: 2
  m_BackGroundColor: {r: 0.85898006, g: 0.8808023, b: 0.9150943, a: 0}
  m_projectionMatrixMode: 1
  m_GateFitMode: 2
  m_FOVAxisMode: 0
  m_SensorSize: {x: 36, y: 24}
  m_LensShift: {x: 0, y: 0}
  m_FocalLength: 50
  m_NormalizedViewPortRect:
    serializedVersion: 2
    x: 0
    y: 0
    width: 1
    height: 1
  near clip plane: 0.3
  far clip plane: 1000
  field of view: 60
  orthographic: 1
  orthographic size: 5.33729
  m_Depth: -1
  m_CullingMask:
    serializedVersion: 2
    m_Bits: 4294967295
  m_RenderingPath: -1
  m_TargetTexture: {fileID: 0}
  m_TargetDisplay: 0
  m_TargetEye: 0
  m_HDR: 1
  m_AllowMSAA: 0
  m_AllowDynamicResolution: 0
  m_ForceIntoRT: 0
  m_OcclusionCulling: 0
  m_StereoConvergence: 10
  m_StereoSeparation: 0.022
--- !u!4 &519420032
Transform:
  m_ObjectHideFlags: 0
  m_CorrespondingSourceObject: {fileID: 0}
  m_PrefabInstance: {fileID: 0}
  m_PrefabAsset: {fileID: 0}
  m_GameObject: {fileID: 519420028}
  m_LocalRotation: {x: 0, y: 0, z: 0, w: 1}
  m_LocalPosition: {x: -0.18, y: 0, z: -10}
  m_LocalScale: {x: 1.1, y: 1, z: 1}
  m_Children: []
  m_Father: {fileID: 0}
  m_RootOrder: 4
  m_LocalEulerAnglesHint: {x: 0, y: 0, z: 0}
--- !u!1 &655570826 stripped
GameObject:
  m_CorrespondingSourceObject: {fileID: 5434015867589829641, guid: fab51fdb4fda6b84e82e745b86967ad3,
    type: 3}
  m_PrefabInstance: {fileID: 494900798}
  m_PrefabAsset: {fileID: 0}
--- !u!1 &677459604
GameObject:
  m_ObjectHideFlags: 0
  m_CorrespondingSourceObject: {fileID: 0}
  m_PrefabInstance: {fileID: 0}
  m_PrefabAsset: {fileID: 0}
  serializedVersion: 6
  m_Component:
  - component: {fileID: 677459605}
  - component: {fileID: 677459607}
  - component: {fileID: 677459606}
  m_Layer: 5
  m_Name: Text
  m_TagString: Untagged
  m_Icon: {fileID: 0}
  m_NavMeshLayer: 0
  m_StaticEditorFlags: 0
  m_IsActive: 1
--- !u!224 &677459605
RectTransform:
  m_ObjectHideFlags: 0
  m_CorrespondingSourceObject: {fileID: 0}
  m_PrefabInstance: {fileID: 0}
  m_PrefabAsset: {fileID: 0}
  m_GameObject: {fileID: 677459604}
  m_LocalRotation: {x: 0, y: 0, z: 0, w: 1}
  m_LocalPosition: {x: 0, y: 0, z: 0}
  m_LocalScale: {x: 1, y: 1, z: 1}
  m_Children: []
  m_Father: {fileID: 2139894147}
  m_RootOrder: 0
  m_LocalEulerAnglesHint: {x: 0, y: 0, z: 0}
  m_AnchorMin: {x: 0, y: 0}
  m_AnchorMax: {x: 1, y: 1}
  m_AnchoredPosition: {x: 0, y: 0}
  m_SizeDelta: {x: 0, y: 0}
  m_Pivot: {x: 0.5, y: 0.5}
--- !u!114 &677459606
MonoBehaviour:
  m_ObjectHideFlags: 0
  m_CorrespondingSourceObject: {fileID: 0}
  m_PrefabInstance: {fileID: 0}
  m_PrefabAsset: {fileID: 0}
  m_GameObject: {fileID: 677459604}
  m_Enabled: 1
  m_EditorHideFlags: 0
  m_Script: {fileID: 708705254, guid: f70555f144d8491a825f0804e09c671c, type: 3}
  m_Name: 
  m_EditorClassIdentifier: 
  m_Material: {fileID: 0}
  m_Color: {r: 0.19607843, g: 0.19607843, b: 0.19607843, a: 1}
  m_RaycastTarget: 1
  m_OnCullStateChanged:
    m_PersistentCalls:
      m_Calls: []
    m_TypeName: UnityEngine.UI.MaskableGraphic+CullStateChangedEvent, UnityEngine.UI,
      Version=1.0.0.0, Culture=neutral, PublicKeyToken=null
  m_FontData:
    m_Font: {fileID: 10102, guid: 0000000000000000e000000000000000, type: 0}
    m_FontSize: 14
    m_FontStyle: 0
    m_BestFit: 0
    m_MinSize: 10
    m_MaxSize: 40
    m_Alignment: 4
    m_AlignByGeometry: 0
    m_RichText: 1
    m_HorizontalOverflow: 0
    m_VerticalOverflow: 0
    m_LineSpacing: 1
  m_Text: 'Ready

'
--- !u!222 &677459607
CanvasRenderer:
  m_ObjectHideFlags: 0
  m_CorrespondingSourceObject: {fileID: 0}
  m_PrefabInstance: {fileID: 0}
  m_PrefabAsset: {fileID: 0}
  m_GameObject: {fileID: 677459604}
  m_CullTransparentMesh: 0
--- !u!1001 &754254945
PrefabInstance:
  m_ObjectHideFlags: 0
  serializedVersion: 2
  m_Modification:
    m_TransformParent: {fileID: 0}
    m_Modifications:
    - target: {fileID: 6988499839645829747, guid: ba24852f29064b148a087bcc059410b7,
        type: 3}
      propertyPath: m_Name
      value: Circle Shape
      objectReference: {fileID: 0}
    - target: {fileID: 6988499839645829747, guid: ba24852f29064b148a087bcc059410b7,
        type: 3}
      propertyPath: m_IsActive
      value: 1
      objectReference: {fileID: 0}
    - target: {fileID: 5737266717596130972, guid: ba24852f29064b148a087bcc059410b7,
        type: 3}
      propertyPath: m_LocalPosition.x
      value: 0
      objectReference: {fileID: 0}
    - target: {fileID: 5737266717596130972, guid: ba24852f29064b148a087bcc059410b7,
        type: 3}
      propertyPath: m_LocalPosition.y
      value: 0
      objectReference: {fileID: 0}
    - target: {fileID: 5737266717596130972, guid: ba24852f29064b148a087bcc059410b7,
        type: 3}
      propertyPath: m_LocalPosition.z
      value: 0
      objectReference: {fileID: 0}
    - target: {fileID: 5737266717596130972, guid: ba24852f29064b148a087bcc059410b7,
        type: 3}
      propertyPath: m_LocalRotation.x
      value: 0
      objectReference: {fileID: 0}
    - target: {fileID: 5737266717596130972, guid: ba24852f29064b148a087bcc059410b7,
        type: 3}
      propertyPath: m_LocalRotation.y
      value: 0
      objectReference: {fileID: 0}
    - target: {fileID: 5737266717596130972, guid: ba24852f29064b148a087bcc059410b7,
        type: 3}
      propertyPath: m_LocalRotation.z
      value: 0
      objectReference: {fileID: 0}
    - target: {fileID: 5737266717596130972, guid: ba24852f29064b148a087bcc059410b7,
        type: 3}
      propertyPath: m_LocalRotation.w
      value: 1
      objectReference: {fileID: 0}
    - target: {fileID: 5737266717596130972, guid: ba24852f29064b148a087bcc059410b7,
        type: 3}
      propertyPath: m_RootOrder
      value: 8
      objectReference: {fileID: 0}
    - target: {fileID: 5737266717596130972, guid: ba24852f29064b148a087bcc059410b7,
        type: 3}
      propertyPath: m_LocalEulerAnglesHint.x
      value: 0
      objectReference: {fileID: 0}
    - target: {fileID: 5737266717596130972, guid: ba24852f29064b148a087bcc059410b7,
        type: 3}
      propertyPath: m_LocalEulerAnglesHint.y
      value: 0
      objectReference: {fileID: 0}
    - target: {fileID: 5737266717596130972, guid: ba24852f29064b148a087bcc059410b7,
        type: 3}
      propertyPath: m_LocalEulerAnglesHint.z
      value: 0
      objectReference: {fileID: 0}
    m_RemovedComponents: []
  m_SourcePrefab: {fileID: 100100000, guid: ba24852f29064b148a087bcc059410b7, type: 3}
--- !u!1 &1280255636
GameObject:
  m_ObjectHideFlags: 0
  m_CorrespondingSourceObject: {fileID: 0}
  m_PrefabInstance: {fileID: 0}
  m_PrefabAsset: {fileID: 0}
  serializedVersion: 6
  m_Component:
  - component: {fileID: 1280255640}
  - component: {fileID: 1280255639}
  - component: {fileID: 1280255638}
  - component: {fileID: 1280255637}
  m_Layer: 5
  m_Name: Canvas
  m_TagString: Untagged
  m_Icon: {fileID: 0}
  m_NavMeshLayer: 0
  m_StaticEditorFlags: 0
  m_IsActive: 1
--- !u!114 &1280255637
MonoBehaviour:
  m_ObjectHideFlags: 0
  m_CorrespondingSourceObject: {fileID: 0}
  m_PrefabInstance: {fileID: 0}
  m_PrefabAsset: {fileID: 0}
  m_GameObject: {fileID: 1280255636}
  m_Enabled: 1
  m_EditorHideFlags: 0
  m_Script: {fileID: 1301386320, guid: f70555f144d8491a825f0804e09c671c, type: 3}
  m_Name: 
  m_EditorClassIdentifier: 
  m_IgnoreReversedGraphics: 1
  m_BlockingObjects: 0
  m_BlockingMask:
    serializedVersion: 2
    m_Bits: 4294967295
--- !u!114 &1280255638
MonoBehaviour:
  m_ObjectHideFlags: 0
  m_CorrespondingSourceObject: {fileID: 0}
  m_PrefabInstance: {fileID: 0}
  m_PrefabAsset: {fileID: 0}
  m_GameObject: {fileID: 1280255636}
  m_Enabled: 1
  m_EditorHideFlags: 0
  m_Script: {fileID: 1980459831, guid: f70555f144d8491a825f0804e09c671c, type: 3}
  m_Name: 
  m_EditorClassIdentifier: 
  m_UiScaleMode: 0
  m_ReferencePixelsPerUnit: 100
  m_ScaleFactor: 1
  m_ReferenceResolution: {x: 800, y: 600}
  m_ScreenMatchMode: 0
  m_MatchWidthOrHeight: 0
  m_PhysicalUnit: 3
  m_FallbackScreenDPI: 96
  m_DefaultSpriteDPI: 96
  m_DynamicPixelsPerUnit: 1
--- !u!223 &1280255639
Canvas:
  m_ObjectHideFlags: 0
  m_CorrespondingSourceObject: {fileID: 0}
  m_PrefabInstance: {fileID: 0}
  m_PrefabAsset: {fileID: 0}
  m_GameObject: {fileID: 1280255636}
  m_Enabled: 1
  serializedVersion: 3
  m_RenderMode: 0
  m_Camera: {fileID: 0}
  m_PlaneDistance: 100
  m_PixelPerfect: 0
  m_ReceivesEvents: 1
  m_OverrideSorting: 0
  m_OverridePixelPerfect: 0
  m_SortingBucketNormalizedSize: 0
  m_AdditionalShaderChannelsFlag: 0
  m_SortingLayerID: 0
  m_SortingOrder: 0
  m_TargetDisplay: 0
--- !u!224 &1280255640
RectTransform:
  m_ObjectHideFlags: 0
  m_CorrespondingSourceObject: {fileID: 0}
  m_PrefabInstance: {fileID: 0}
  m_PrefabAsset: {fileID: 0}
  m_GameObject: {fileID: 1280255636}
  m_LocalRotation: {x: 0, y: 0, z: 0, w: 1}
  m_LocalPosition: {x: 0, y: 0, z: 0}
  m_LocalScale: {x: 0, y: 0, z: 0}
  m_Children:
  - {fileID: 2139894147}
  m_Father: {fileID: 0}
  m_RootOrder: 7
  m_LocalEulerAnglesHint: {x: 0, y: 0, z: 0}
  m_AnchorMin: {x: 0, y: 0}
  m_AnchorMax: {x: 0, y: 0}
  m_AnchoredPosition: {x: 0, y: 0}
  m_SizeDelta: {x: 0, y: 0}
  m_Pivot: {x: 0, y: 0}
--- !u!1 &1600432240
GameObject:
  m_ObjectHideFlags: 0
  m_CorrespondingSourceObject: {fileID: 0}
  m_PrefabInstance: {fileID: 0}
  m_PrefabAsset: {fileID: 0}
  serializedVersion: 6
  m_Component:
  - component: {fileID: 1600432242}
  - component: {fileID: 1600432241}
  m_Layer: 0
  m_Name: Route
  m_TagString: Untagged
  m_Icon: {fileID: 0}
  m_NavMeshLayer: 0
  m_StaticEditorFlags: 0
  m_IsActive: 0
--- !u!114 &1600432241
MonoBehaviour:
  m_ObjectHideFlags: 0
  m_CorrespondingSourceObject: {fileID: 0}
  m_PrefabInstance: {fileID: 0}
  m_PrefabAsset: {fileID: 0}
  m_GameObject: {fileID: 1600432240}
  m_Enabled: 1
  m_EditorHideFlags: 0
  m_Script: {fileID: 11500000, guid: 44b24105ac7226b45a454cff75204168, type: 3}
  m_Name: 
  m_EditorClassIdentifier: 
  ControlPoints:
  - {fileID: 2030193895}
  - {fileID: 1805791571}
  - {fileID: 1875226207}
  - {fileID: 470720582}
--- !u!4 &1600432242
Transform:
  m_ObjectHideFlags: 0
  m_CorrespondingSourceObject: {fileID: 0}
  m_PrefabInstance: {fileID: 0}
  m_PrefabAsset: {fileID: 0}
  m_GameObject: {fileID: 1600432240}
  m_LocalRotation: {x: -0, y: -0, z: -0, w: 1}
  m_LocalPosition: {x: 0.34, y: 1.88, z: -0.055286963}
  m_LocalScale: {x: 1, y: 1, z: 1}
  m_Children:
  - {fileID: 2030193895}
  - {fileID: 1805791571}
  - {fileID: 1875226207}
  - {fileID: 470720582}
  m_Father: {fileID: 0}
  m_RootOrder: 9
  m_LocalEulerAnglesHint: {x: 0, y: 0, z: 0}
--- !u!1 &1739136534
GameObject:
  m_ObjectHideFlags: 0
  m_CorrespondingSourceObject: {fileID: 0}
  m_PrefabInstance: {fileID: 0}
  m_PrefabAsset: {fileID: 0}
  serializedVersion: 6
  m_Component:
  - component: {fileID: 1739136535}
  m_Layer: 0
  m_Name: SpawnLocation (2)
  m_TagString: Untagged
  m_Icon: {fileID: 0}
  m_NavMeshLayer: 0
  m_StaticEditorFlags: 0
  m_IsActive: 1
--- !u!4 &1739136535
Transform:
  m_ObjectHideFlags: 0
  m_CorrespondingSourceObject: {fileID: 0}
  m_PrefabInstance: {fileID: 0}
  m_PrefabAsset: {fileID: 0}
  m_GameObject: {fileID: 1739136534}
  m_LocalRotation: {x: -0, y: -0, z: -0, w: 1}
  m_LocalPosition: {x: 3.8, y: 4.78, z: -10}
  m_LocalScale: {x: 1, y: 1, z: 1}
  m_Children: []
  m_Father: {fileID: 0}
  m_RootOrder: 2
  m_LocalEulerAnglesHint: {x: 0, y: 0, z: 0}
--- !u!1 &1762472292
GameObject:
  m_ObjectHideFlags: 0
  m_CorrespondingSourceObject: {fileID: 0}
  m_PrefabInstance: {fileID: 0}
  m_PrefabAsset: {fileID: 0}
  serializedVersion: 6
  m_Component:
  - component: {fileID: 1762472293}
  - component: {fileID: 1762472294}
  m_Layer: 0
  m_Name: Spawner
  m_TagString: Untagged
  m_Icon: {fileID: 0}
  m_NavMeshLayer: 0
  m_StaticEditorFlags: 0
  m_IsActive: 1
--- !u!4 &1762472293
Transform:
  m_ObjectHideFlags: 0
  m_CorrespondingSourceObject: {fileID: 0}
  m_PrefabInstance: {fileID: 0}
  m_PrefabAsset: {fileID: 0}
  m_GameObject: {fileID: 1762472292}
  m_LocalRotation: {x: -0, y: -0, z: -0, w: 1}
  m_LocalPosition: {x: 3, y: 4.41, z: -10}
  m_LocalScale: {x: 1, y: 1, z: 1}
  m_Children: []
  m_Father: {fileID: 0}
  m_RootOrder: 3
  m_LocalEulerAnglesHint: {x: 0, y: 0, z: 0}
--- !u!114 &1762472294
MonoBehaviour:
  m_ObjectHideFlags: 0
  m_CorrespondingSourceObject: {fileID: 0}
  m_PrefabInstance: {fileID: 0}
  m_PrefabAsset: {fileID: 0}
  m_GameObject: {fileID: 1762472292}
  m_Enabled: 0
  m_EditorHideFlags: 0
  m_Script: {fileID: 11500000, guid: eb94839d9a6b5a843a122d19d39cabf0, type: 3}
  m_Name: 
  m_EditorClassIdentifier: 
  WaveEnemiesSpawnType: 010000000200000001000000
  EnemiesWave: 040000000200000002000000
  EnemyType:
  - {fileID: 6234287681371677518, guid: fab51fdb4fda6b84e82e745b86967ad3, type: 3}
  - {fileID: 6234287681371677518, guid: fab51fdb4fda6b84e82e745b86967ad3, type: 3}
  - {fileID: 6234287681371677518, guid: 0e56e89c6e149d744b2dcbbd8a3cdb05, type: 3}
  EnemyReserves: []
  EnemyCounter: 0
  SpawnRate: 3
  EnemiesWaveTmp: 3
  SpawnType: 1
  SpawnAllowed: 1
  i: 0
--- !u!1 &1805791570
GameObject:
  m_ObjectHideFlags: 0
  m_CorrespondingSourceObject: {fileID: 0}
  m_PrefabInstance: {fileID: 0}
  m_PrefabAsset: {fileID: 0}
  serializedVersion: 6
  m_Component:
  - component: {fileID: 1805791571}
  m_Layer: 0
  m_Name: ContorolPoint 2
  m_TagString: Untagged
  m_Icon: {fileID: 2800000, guid: 5d45b9495a96ab649886195ae3e7ca37, type: 3}
  m_NavMeshLayer: 0
  m_StaticEditorFlags: 0
  m_IsActive: 1
--- !u!4 &1805791571
Transform:
  m_ObjectHideFlags: 0
  m_CorrespondingSourceObject: {fileID: 0}
  m_PrefabInstance: {fileID: 0}
  m_PrefabAsset: {fileID: 0}
  m_GameObject: {fileID: 1805791570}
  m_LocalRotation: {x: 0, y: 0, z: 0, w: 1}
  m_LocalPosition: {x: 2.59, y: 2.11, z: 0}
  m_LocalScale: {x: 1, y: 1, z: 1}
  m_Children: []
  m_Father: {fileID: 1600432242}
  m_RootOrder: 1
  m_LocalEulerAnglesHint: {x: 0, y: 0, z: 0}
--- !u!1 &1875226206
GameObject:
  m_ObjectHideFlags: 0
  m_CorrespondingSourceObject: {fileID: 0}
  m_PrefabInstance: {fileID: 0}
  m_PrefabAsset: {fileID: 0}
  serializedVersion: 6
  m_Component:
  - component: {fileID: 1875226207}
  m_Layer: 0
  m_Name: ContorolPoint 3
  m_TagString: Untagged
  m_Icon: {fileID: 2800000, guid: 87e7d8f6f529d7e4b802eb31b088a292, type: 3}
  m_NavMeshLayer: 0
  m_StaticEditorFlags: 0
  m_IsActive: 1
--- !u!4 &1875226207
Transform:
  m_ObjectHideFlags: 0
  m_CorrespondingSourceObject: {fileID: 0}
  m_PrefabInstance: {fileID: 0}
  m_PrefabAsset: {fileID: 0}
  m_GameObject: {fileID: 1875226206}
  m_LocalRotation: {x: 0, y: 0, z: 0, w: 1}
  m_LocalPosition: {x: -3.42, y: 2.12, z: 0}
  m_LocalScale: {x: 1, y: 1, z: 1}
  m_Children: []
  m_Father: {fileID: 1600432242}
  m_RootOrder: 2
  m_LocalEulerAnglesHint: {x: 0, y: 0, z: 0}
--- !u!1 &2030193894
GameObject:
  m_ObjectHideFlags: 0
  m_CorrespondingSourceObject: {fileID: 0}
  m_PrefabInstance: {fileID: 0}
  m_PrefabAsset: {fileID: 0}
  serializedVersion: 6
  m_Component:
  - component: {fileID: 2030193895}
  m_Layer: 0
  m_Name: ContorolPoint 1
  m_TagString: Untagged
  m_Icon: {fileID: 2800000, guid: cda7afa25491b154b88ae4aebcece973, type: 3}
  m_NavMeshLayer: 0
  m_StaticEditorFlags: 0
  m_IsActive: 1
--- !u!4 &2030193895
Transform:
  m_ObjectHideFlags: 0
  m_CorrespondingSourceObject: {fileID: 0}
  m_PrefabInstance: {fileID: 0}
  m_PrefabAsset: {fileID: 0}
  m_GameObject: {fileID: 2030193894}
  m_LocalRotation: {x: 0, y: 0, z: 0, w: 1}
  m_LocalPosition: {x: 2.607, y: -1.882, z: 0}
  m_LocalScale: {x: 1, y: 1, z: 1}
  m_Children: []
  m_Father: {fileID: 1600432242}
  m_RootOrder: 0
  m_LocalEulerAnglesHint: {x: 0, y: 0, z: 0}
--- !u!1 &2066231277
GameObject:
  m_ObjectHideFlags: 0
  m_CorrespondingSourceObject: {fileID: 0}
  m_PrefabInstance: {fileID: 0}
  m_PrefabAsset: {fileID: 0}
  serializedVersion: 6
  m_Component:
  - component: {fileID: 2066231280}
  - component: {fileID: 2066231279}
  - component: {fileID: 2066231278}
  m_Layer: 0
  m_Name: EventSystem
  m_TagString: Untagged
  m_Icon: {fileID: 0}
  m_NavMeshLayer: 0
  m_StaticEditorFlags: 0
  m_IsActive: 1
--- !u!114 &2066231278
MonoBehaviour:
  m_ObjectHideFlags: 0
  m_CorrespondingSourceObject: {fileID: 0}
  m_PrefabInstance: {fileID: 0}
  m_PrefabAsset: {fileID: 0}
  m_GameObject: {fileID: 2066231277}
  m_Enabled: 1
  m_EditorHideFlags: 0
  m_Script: {fileID: 1077351063, guid: f70555f144d8491a825f0804e09c671c, type: 3}
  m_Name: 
  m_EditorClassIdentifier: 
  m_HorizontalAxis: Horizontal
  m_VerticalAxis: Vertical
  m_SubmitButton: Submit
  m_CancelButton: Cancel
  m_InputActionsPerSecond: 10
  m_RepeatDelay: 0.5
  m_ForceModuleActive: 0
--- !u!114 &2066231279
MonoBehaviour:
  m_ObjectHideFlags: 0
  m_CorrespondingSourceObject: {fileID: 0}
  m_PrefabInstance: {fileID: 0}
  m_PrefabAsset: {fileID: 0}
  m_GameObject: {fileID: 2066231277}
  m_Enabled: 1
  m_EditorHideFlags: 0
  m_Script: {fileID: -619905303, guid: f70555f144d8491a825f0804e09c671c, type: 3}
  m_Name: 
  m_EditorClassIdentifier: 
  m_FirstSelected: {fileID: 0}
  m_sendNavigationEvents: 1
  m_DragThreshold: 10
--- !u!4 &2066231280
Transform:
  m_ObjectHideFlags: 0
  m_CorrespondingSourceObject: {fileID: 0}
  m_PrefabInstance: {fileID: 0}
  m_PrefabAsset: {fileID: 0}
  m_GameObject: {fileID: 2066231277}
  m_LocalRotation: {x: 0, y: 0, z: 0, w: 1}
  m_LocalPosition: {x: 0, y: 0, z: 0}
  m_LocalScale: {x: 1, y: 1, z: 1}
  m_Children: []
  m_Father: {fileID: 0}
  m_RootOrder: 5
  m_LocalEulerAnglesHint: {x: 0, y: 0, z: 0}
--- !u!1 &2139894146
GameObject:
  m_ObjectHideFlags: 0
  m_CorrespondingSourceObject: {fileID: 0}
  m_PrefabInstance: {fileID: 0}
  m_PrefabAsset: {fileID: 0}
  serializedVersion: 6
  m_Component:
  - component: {fileID: 2139894147}
  - component: {fileID: 2139894150}
  - component: {fileID: 2139894149}
  - component: {fileID: 2139894148}
  m_Layer: 5
  m_Name: Ready
  m_TagString: Untagged
  m_Icon: {fileID: 0}
  m_NavMeshLayer: 0
  m_StaticEditorFlags: 0
  m_IsActive: 1
--- !u!224 &2139894147
RectTransform:
  m_ObjectHideFlags: 0
  m_CorrespondingSourceObject: {fileID: 0}
  m_PrefabInstance: {fileID: 0}
  m_PrefabAsset: {fileID: 0}
  m_GameObject: {fileID: 2139894146}
  m_LocalRotation: {x: 0, y: 0, z: 0, w: 1}
  m_LocalPosition: {x: 0, y: 0, z: 0}
  m_LocalScale: {x: 1, y: 1, z: 1}
  m_Children:
  - {fileID: 677459605}
  m_Father: {fileID: 1280255640}
  m_RootOrder: 0
  m_LocalEulerAnglesHint: {x: 0, y: 0, z: 0}
  m_AnchorMin: {x: 0.20162016, y: 0.27036682}
  m_AnchorMax: {x: 0.82550395, y: 0.34034935}
  m_AnchoredPosition: {x: -0.5, y: -4}
  m_SizeDelta: {x: -1, y: -2}
  m_Pivot: {x: 0.5, y: 0.5}
--- !u!114 &2139894148
MonoBehaviour:
  m_ObjectHideFlags: 0
  m_CorrespondingSourceObject: {fileID: 0}
  m_PrefabInstance: {fileID: 0}
  m_PrefabAsset: {fileID: 0}
  m_GameObject: {fileID: 2139894146}
  m_Enabled: 1
  m_EditorHideFlags: 0
  m_Script: {fileID: 1392445389, guid: f70555f144d8491a825f0804e09c671c, type: 3}
  m_Name: 
  m_EditorClassIdentifier: 
  m_Navigation:
    m_Mode: 3
    m_SelectOnUp: {fileID: 0}
    m_SelectOnDown: {fileID: 0}
    m_SelectOnLeft: {fileID: 0}
    m_SelectOnRight: {fileID: 0}
  m_Transition: 1
  m_Colors:
    m_NormalColor: {r: 1, g: 1, b: 1, a: 1}
    m_HighlightedColor: {r: 0.9607843, g: 0.9607843, b: 0.9607843, a: 1}
    m_PressedColor: {r: 0.78431374, g: 0.78431374, b: 0.78431374, a: 1}
    m_SelectedColor: {r: 0.9607843, g: 0.9607843, b: 0.9607843, a: 1}
    m_DisabledColor: {r: 0.78431374, g: 0.78431374, b: 0.78431374, a: 0.5019608}
    m_ColorMultiplier: 1
    m_FadeDuration: 0.1
  m_SpriteState:
    m_HighlightedSprite: {fileID: 0}
    m_PressedSprite: {fileID: 0}
    m_SelectedSprite: {fileID: 0}
    m_DisabledSprite: {fileID: 0}
  m_AnimationTriggers:
    m_NormalTrigger: Normal
    m_HighlightedTrigger: Highlighted
    m_PressedTrigger: Pressed
    m_SelectedTrigger: Highlighted
    m_DisabledTrigger: Disabled
  m_Interactable: 1
  m_TargetGraphic: {fileID: 2139894149}
  m_OnClick:
    m_PersistentCalls:
      m_Calls:
      - m_Target: {fileID: 1762472294}
        m_MethodName: Ready
        m_Mode: 1
        m_Arguments:
          m_ObjectArgument: {fileID: 0}
          m_ObjectArgumentAssemblyTypeName: UnityEngine.Object, UnityEngine
          m_IntArgument: 0
          m_FloatArgument: 0
          m_StringArgument: 
          m_BoolArgument: 0
        m_CallState: 2
    m_TypeName: UnityEngine.UI.Button+ButtonClickedEvent, UnityEngine.UI, Version=1.0.0.0,
      Culture=neutral, PublicKeyToken=null
--- !u!114 &2139894149
MonoBehaviour:
  m_ObjectHideFlags: 0
  m_CorrespondingSourceObject: {fileID: 0}
  m_PrefabInstance: {fileID: 0}
  m_PrefabAsset: {fileID: 0}
  m_GameObject: {fileID: 2139894146}
  m_Enabled: 1
  m_EditorHideFlags: 0
  m_Script: {fileID: -765806418, guid: f70555f144d8491a825f0804e09c671c, type: 3}
  m_Name: 
  m_EditorClassIdentifier: 
  m_Material: {fileID: 0}
  m_Color: {r: 1, g: 1, b: 1, a: 1}
  m_RaycastTarget: 1
  m_OnCullStateChanged:
    m_PersistentCalls:
      m_Calls: []
    m_TypeName: UnityEngine.UI.MaskableGraphic+CullStateChangedEvent, UnityEngine.UI,
      Version=1.0.0.0, Culture=neutral, PublicKeyToken=null
  m_Sprite: {fileID: 10905, guid: 0000000000000000f000000000000000, type: 0}
  m_Type: 1
  m_PreserveAspect: 0
  m_FillCenter: 1
  m_FillMethod: 4
  m_FillAmount: 1
  m_FillClockwise: 1
  m_FillOrigin: 0
  m_UseSpriteMesh: 0
--- !u!222 &2139894150
CanvasRenderer:
  m_ObjectHideFlags: 0
  m_CorrespondingSourceObject: {fileID: 0}
  m_PrefabInstance: {fileID: 0}
  m_PrefabAsset: {fileID: 0}
  m_GameObject: {fileID: 2139894146}
  m_CullTransparentMesh: 0
